<?xml version="1.0" encoding="UTF-8"?><collection xmlns="http://www.loc.gov/MARC21/slim"><record><leader>00535nam--2200181-u-4500</leader><controlfield tag="001">000053760</controlfield><controlfield tag="002">20161230</controlfield><controlfield tag="005">20161230201051</controlfield><controlfield tag="008">110603s1000------------r-----000-0-rum-d</controlfield><datafield ind1=" " ind2=" " tag="040"><subfield code="a">IFIN-HH</subfield></datafield><datafield ind1=" " ind2=" " tag="041"><subfield code="a">rum</subfield></datafield><datafield ind1=" " ind2=" " tag="080"><subfield code="a">536.7:669.018.5:621.3</subfield></datafield><datafield ind1="1" ind2=" " tag="100"><subfield code="a">Alexandru, Horia V</subfield></datafield><datafield ind1="1" ind2="0" tag="245"><subfield code="a">Stiinta si tehnologia meterialelor</subfield><subfield code="b">- diagrame de faza - materiale electrotehnice -</subfield><subfield code="c">Horia v. alexandru</subfield></datafield><datafield ind1=" " ind2=" " tag="260"><subfield code="a">Bucuresti</subfield><subfield code="b">Universitatea Din Bucuresti</subfield><subfield code="c">1990</subfield></datafield><datafield ind1=" " ind2=" " tag="300"><subfield code="a">240P</subfield></datafield><datafield ind1=" " ind2=" " tag="852"><subfield code="a">79215</subfield><subfield code="c">536.7</subfield></datafield><datafield ind1=" " ind2=" " tag="CAT"><subfield code="a">Sys</subfield><subfield code="c">20110603</subfield><subfield code="h">131813</subfield></datafield></record></collection>